@inproceedings{10.5555/1855840.1855851,
	author = {Hunt, Patrick and Konar, Mahadev and Junqueira, Flavio P. and Reed, Benjamin},
	title = {ZooKeeper: Wait-Free Coordination for Internet-Scale Systems},
	year = {2010},
	publisher = {USENIX Association},
	address = {USA},
	booktitle = {Proceedings of the 2010 USENIX Conference on USENIX Annual Technical Conference},
	pages = {11},
	numpages = {1},
	location = {Boston, MA},
	series = {USENIXATC'10}
}

@misc{ConsulDoc,
  author       = {Hashicorp},
  title        = {Consul Documentation},
  year         = {2023},
  url = {https://developer.hashicorp.com/consul/docs}
}